@book{firth_1957,
  title={Papers in linguistics, 1934-1951},
  author={Firth, J.R.},
  lccn={57059616},
  url={https://books.google.com.br/books?id=yxZZAAAAMAAJ},
  year={1957},
  publisher={Oxford University Press}
}

@article{hinton_2002,
 author = {Hinton, Geoffrey E.},
 title = {Training Products of Experts by Minimizing Contrastive Divergence},
 journal = {Neural Comput.},
 issue_date = {August 2002},
 volume = {14},
 number = {8},
 month = aug,
 year = {2002},
 issn = {0899-7667},
 pages = {1771--1800},
 numpages = {30},
 url = {http://dx.doi.org/10.1162/089976602760128018},
 doi = {10.1162/089976602760128018},
 acmid = {639730},
 publisher = {MIT Press},
 address = {Cambridge, MA, USA},
} 

@article{bengio_et_al_2003,
 author = {Bengio, Yoshua and Ducharme, Jean and Vincent, Pascal and Janvin, Christian},
 title = {A Neural Probabilistic Language Model},
 journal = {J. Mach. Learn. Res.},
 issue_date = {3/1/2003},
 volume = {3},
 month = mar,
 year = {2003},
 issn = {1532-4435},
 pages = {1137--1155},
 numpages = {19},
 url = {http://dl.acm.org/citation.cfm?id=944919.944966},
 acmid = {944966},
 publisher = {JMLR.org}
}

@inproceedings{collobert_and_weston_2008,
  title = {A Unified Architecture for Natural Language Processing: Deep Neural Networks with Multitask Learning},
  author = {R. Collobert and J. Weston},
  booktitle = {International Conference on Machine Learning, {ICML}},
  year = {2008}
}



